@article{price2016analysis,
  title={Analysis of \emph{Gambierdiscus} transcriptome data supports ancient origins of mixotrophic pathways in dinoflagellates},
  author={Price, Dana C and Farinholt, Natalie and Gates, Colin and Shumaker, Alexander and Wagner, Nicole E and Bienfang, Paul and Bhattacharya, Debashish},
  journal={Environmental Microbiology},
  year={2016},
  publisher={Wiley Online Library}
}

